@inproceedings{zeng2020gsi,
  title={Gsi: Gpu-friendly subgraph isomorphism},
  author={Zeng, Li and Zou, Lei and {\"O}zsu, M Tamer and Hu, Lin and Zhang, Fan},
  booktitle={2020 IEEE 36th International Conference on Data Engineering (ICDE)},
  pages={1249--1260},
  year={2020},
  organization={IEEE}
}
@article{sun2020subgraph,
  title={Subgraph matching with effective matching order and indexing},
  author={Sun, Shixuan and Luo, Qiong},
  journal={IEEE Transactions on Knowledge and Data Engineering},
  year={2020},
  publisher={IEEE}
}

@inproceedings{shi2020graphpi,
  title={GraphPi: high performance graph pattern matching through effective redundancy elimination},
  author={Shi, Tianhui and Zhai, Mingshu and Xu, Yi and Zhai, Jidong},
  booktitle={SC20: International Conference for High Performance Computing, Networking, Storage and Analysis},
  pages={1--14},
  year={2020},
  organization={IEEE}
}
@inproceedings{tran2015fast,
  title={Fast subgraph matching on large graphs using graphics processors},
  author={Tran, Ha-Nguyen and Kim, Jung-jae and He, Bingsheng},
  booktitle={International Conference on Database Systems for Advanced Applications},
  pages={299--315},
  year={2015},
  organization={Springer}
}
@inproceedings{bi2016efficient,
  title={Efficient subgraph matching by postponing cartesian products},
  author={Bi, Fei and Chang, Lijun and Lin, Xuemin and Qin, Lu and Zhang, Wenjie},
  booktitle={Proceedings of the 2016 International Conference on Management of Data},
  pages={1199--1214},
  year={2016}
}
@article{sun2020rapidmatch,
  title={RapidMatch: a holistic approach to subgraph query processing},
  author={Sun, Shixuan and Sun, Xibo and Che, Yulin and Luo, Qiong and He, Bingsheng},
  journal={Proceedings of the VLDB Endowment},
  volume={14},
  number={2},
  pages={176--188},
  year={2020},
  publisher={VLDB Endowment}
}
@inproceedings{guo2020gpu,
  title={Gpu-accelerated subgraph enumeration on partitioned graphs},
  author={Guo, Wentian and Li, Yuchen and Sha, Mo and He, Bingsheng and Xiao, Xiaokui and Tan, Kian-Lee},
  booktitle={Proceedings of the 2020 ACM SIGMOD International Conference on Management of Data},
  pages={1067--1082},
  year={2020}
}
@article{mawhirter2019graphzero,
  title={Graphzero: Breaking symmetry for efficient graph mining},
  author={Mawhirter, Daniel and Reinehr, Sam and Holmes, Connor and Liu, Tongping and Wu, Bo},
  journal={arXiv preprint arXiv:1911.12877},
  year={2019}
}
@inproceedings{bhattarai2019ceci,
  title={Ceci: Compact embedding cluster index for scalable subgraph matching},
  author={Bhattarai, Bibek and Liu, Hang and Huang, H Howie},
  booktitle={Proceedings of the 2019 International Conference on Management of Data},
  pages={1447--1462},
  year={2019}
}
@article{guo2020exploiting,
  title={Exploiting Reuse for GPU Subgraph Enumeration},
  author={Guo, Wentian and Li, Yuchen and Tan, Kian-Lee},
  journal={IEEE Transactions on Knowledge and Data Engineering},
  year={2020},
  publisher={IEEE}
}
@article{lin2016network,
  title={Network motif discovery: A GPU approach},
  author={Lin, Wenqing and Xiao, Xiaokui and Xie, Xing and Li, Xiao-Li},
  journal={IEEE transactions on knowledge and data engineering},
  volume={29},
  number={3},
  pages={513--528},
  year={2016},
  publisher={IEEE}
}
@article{ullmann1976algorithm,
  title={An algorithm for subgraph isomorphism},
  author={Ullmann, Julian R},
  journal={Journal of the ACM (JACM)},
  volume={23},
  number={1},
  pages={31--42},
  year={1976},
  publisher={ACM New York, NY, USA}
}
@inproceedings{cordella2001improved,
  title={An improved algorithm for matching large graphs},
  author={Cordella, Luigi Pietro and Foggia, Pasquale and Sansone, Carlo and Vento, Mario},
  booktitle={3rd IAPR-TC15 workshop on graph-based representations in pattern recognition},
  pages={149--159},
  year={2001}
}
@article{shang2008taming,
  title={Taming verification hardness: an efficient algorithm for testing subgraph isomorphism},
  author={Shang, Haichuan and Zhang, Ying and Lin, Xuemin and Yu, Jeffrey Xu},
  journal={Proceedings of the VLDB Endowment},
  volume={1},
  number={1},
  pages={364--375},
  year={2008},
  publisher={VLDB Endowment}
}
@inproceedings{zhang2009gaddi,
  title={GADDI: distance index based subgraph matching in biological networks},
  author={Zhang, Shijie and Li, Shirong and Yang, Jiong},
  booktitle={Proceedings of the 12th International Conference on Extending Database Technology: Advances in Database Technology},
  pages={192--203},
  year={2009}
}
@inproceedings{he2008graphs,
  title={Graphs-at-a-time: query language and access methods for graph databases},
  author={He, Huahai and Singh, Ambuj K},
  booktitle={Proceedings of the 2008 ACM SIGMOD international conference on Management of data},
  pages={405--418},
  year={2008}
}
@article{zhao2010graph,
  title={On graph query optimization in large networks},
  author={Zhao, Peixiang and Han, Jiawei},
  journal={Proceedings of the VLDB Endowment},
  volume={3},
  number={1-2},
  pages={340--351},
  year={2010},
  publisher={VLDB Endowment}
}
@article{lee2012depth,
  title={An in-depth comparison of subgraph isomorphism algorithms in graph databases},
  author={Lee, Jinsoo and Han, Wook-Shin and Kasperovics, Romans and Lee, Jeong-Hoon},
  journal={Proceedings of the VLDB Endowment},
  volume={6},
  number={2},
  pages={133--144},
  year={2012},
  publisher={VLDB Endowment}
}
@inproceedings{han2013turboiso,
  title={Turboiso: towards ultrafast and robust subgraph isomorphism search in large graph databases},
  author={Han, Wook-Shin and Lee, Jinsoo and Lee, Jeong-Hoon},
  booktitle={Proceedings of the 2013 ACM SIGMOD International Conference on Management of Data},
  pages={337--348},
  year={2013}
}
@article{ren2015exploiting,
  title={Exploiting vertex relationships in speeding up subgraph isomorphism over large graphs},
  author={Ren, Xuguang and Wang, Junhu},
  journal={Proceedings of the VLDB Endowment},
  volume={8},
  number={5},
  pages={617--628},
  year={2015},
  publisher={VLDB Endowment}
}
@article{rivero2017efficient,
  title={Efficient and scalable labeled subgraph matching using SGMatch},
  author={Rivero, Carlos R and Jamil, Hasan M},
  journal={Knowledge and Information Systems},
  volume={51},
  number={1},
  pages={61--87},
  year={2017},
  publisher={Springer}
}
@inproceedings{han2019efficient,
  title={Efficient subgraph matching: Harmonizing dynamic programming, adaptive matching order, and failing set together},
  author={Han, Myoungji and Kim, Hyunjoon and Gu, Geonmo and Park, Kunsoo and Han, Wook-Shin},
  booktitle={Proceedings of the 2019 International Conference on Management of Data},
  pages={1429--1446},
  year={2019}
}
@inproceedings{afrati2013enumerating,
  title={Enumerating subgraph instances using map-reduce},
  author={Afrati, Foto N and Fotakis, Dimitris and Ullman, Jeffrey D},
  booktitle={2013 IEEE 29th International Conference on Data Engineering (ICDE)},
  pages={62--73},
  year={2013},
  organization={IEEE}
}
@article{lai2015scalable,
  title={Scalable subgraph enumeration in mapreduce},
  author={Lai, Longbin and Qin, Lu and Lin, Xuemin and Chang, Lijun},
  journal={Proceedings of the VLDB Endowment},
  volume={8},
  number={10},
  pages={974--985},
  year={2015},
  publisher={VLDB Endowment}
}
@inproceedings{shao2014parallel,
  title={Parallel subgraph listing in a large-scale graph},
  author={Shao, Yingxia and Cui, Bin and Chen, Lei and Ma, Lin and Yao, Junjie and Xu, Ning},
  booktitle={Proceedings of the 2014 ACM SIGMOD International Conference on Management of Data},
  pages={625--636},
  year={2014}
}
@article{talukder2016distributed,
  title={A distributed approach for graph mining in massive networks},
  author={Talukder, Nilothpal and Zaki, Mohammed J},
  journal={Data Mining and Knowledge Discovery},
  volume={30},
  number={5},
  pages={1024--1052},
  year={2016},
  publisher={Springer}
}
@inproceedings{sun2018parallelizing,
  title={Parallelizing recursive backtracking based subgraph matching on a single machine},
  author={Sun, Shixuan and Luo, Qiong},
  booktitle={2018 IEEE 24th International Conference on Parallel and Distributed Systems (ICPADS)},
  pages={1--9},
  year={2018},
  organization={IEEE}
}
@article{plantenga2013inexact,
  title={Inexact subgraph isomorphism in mapreduce},
  author={Plantenga, Todd},
  journal={Journal of Parallel and Distributed Computing},
  volume={73},
  number={2},
  pages={164--175},
  year={2013},
  publisher={Elsevier}
}
@inproceedings{hu2018tricore,
  title={Tricore: Parallel triangle counting on gpus},
  author={Hu, Yang and Liu, Hang and Huang, H Howie},
  booktitle={SC18: International Conference for High Performance Computing, Networking, Storage and Analysis},
  pages={171--182},
  year={2018},
  organization={IEEE}
}
@inproceedings{reza2018prunejuice,
  title={PruneJuice: Pruning trillion-edge graphs to a precise pattern-matching solution},
  author={Reza, Tahsin and Ripeanu, Matei and Tripoul, Nicolas and Sanders, Geoffrey and Pearce, Roger},
  booktitle={SC18: International Conference for High Performance Computing, Networking, Storage and Analysis},
  pages={265--281},
  year={2018},
  organization={IEEE}
}
@inproceedings{green2014fast,
  title={Fast triangle counting on the GPU},
  author={Green, Oded and Yalamanchili, Pavan and Mungu{\'\i}a, Llu{\'\i}s-Miquel},
  booktitle={Proceedings of the 4th Workshop on Irregular Applications: Architectures and Algorithms},
  pages={1--8},
  year={2014}
}
@article{wang2020fast,
  title={Fast Gunrock Subgraph Matching (GSM) on GPUs},
  author={Wang, Leyuan and Owens, John D},
  journal={arXiv preprint arXiv:2003.01527},
  year={2020}
}
@article{leskovec2009community,
  title={Community structure in large networks: Natural cluster sizes and the absence of large well-defined clusters},
  author={Leskovec, Jure and Lang, Kevin J and Dasgupta, Anirban and Mahoney, Michael W},
  journal={Internet Mathematics},
  volume={6},
  number={1},
  pages={29--123},
  year={2009},
  publisher={Taylor \& Francis}
}
@inproceedings{ryan2015network,
     title={The Network Data Repository with Interactive Graph Analytics and Visualization},
     author={Ryan A. Rossi and Nesreen K. Ahmed},
     booktitle={AAAI},
     url={https://networkrepository.com},
     year={2015}
}
@inproceedings{cho2011friendship,
  title={Friendship and mobility: user movement in location-based social networks},
  author={Cho, Eunjoon and Myers, Seth A and Leskovec, Jure},
  booktitle={Proceedings of the 17th ACM SIGKDD international conference on Knowledge discovery and data mining},
  pages={1082--1090},
  year={2011}
}
@inproceedings{leskovec2005graphs,
  title={Graphs over time: densification laws, shrinking diameters and possible explanations},
  author={Leskovec, Jure and Kleinberg, Jon and Faloutsos, Christos},
  booktitle={Proceedings of the eleventh ACM SIGKDD international conference on Knowledge discovery in data mining},
  pages={177--187},
  year={2005}
}
@misc{snapnets,
  author       = {Jure Leskovec and Andrej Krevl},
  title        = {{SNAP Datasets}: {Stanford} Large Network Dataset Collection},
  howpublished = {\url{http://snap.stanford.edu/data}},
  month        = jun,
  year         = 2014
}
@article{nr-sigkdd16,
   title = {An Interactive Data Repository with Visual Analytics},
   author = {Ryan A. Rossi and Nesreen K. Ahmed},
   journal = {SIGKDD Explor.},
   volume = {17},
   number = {2},
   year = {2016},
   pages = {37--41},
   url = {http://networkrepository.com},
   publisher = {ACM}
}
@article{yang2015defining,
  title={Defining and evaluating network communities based on ground-truth},
  author={Yang, Jaewon and Leskovec, Jure},
  journal={Knowledge and Information Systems},
  volume={42},
  number={1},
  pages={181--213},
  year={2015},
  publisher={Springer}
}
@article{Moffat2019Huffman,
	author = {Moffat, Alistair},
	title = {Huffman Coding},
	year = {2019},
	issue_date = {September 2019},
	publisher = {Association for Computing Machinery},
	address = {New York, NY, USA},
	volume = {52},
	number = {4},
	issn = {0360-0300},
	url = {https://doi.org/10.1145/3342555},
	doi = {10.1145/3342555},
	journal = {ACM Comput. Surv.},
	month = aug,
	articleno = {85},
	numpages = {35},
	keywords = {Huffman code, minimum-redundancy code, data compression}
}
@article{wooyoung2011Biological,
  title={Biological network motif detection and evaluation},
  author={ Wooyoung, K.  and  Min, L.  and  Wang, J.  and  Yi, P. },
  journal={BMC Systems Biology},
  volume={5},
  year={2011},
}
@article{wang2012truss,
author = {Wang, Jia and Cheng, James},
title = {Truss Decomposition in Massive Networks},
year = {2012},
issue_date = {May 2012},
publisher = {VLDB Endowment},
volume = {5},
number = {9},
issn = {2150-8097},
journal = {Proc. VLDB Endow.},
month = may,
pages = {812–823},
numpages = {12}
}
@inproceedings{kairam2012The,
  title={The Life and Death of Online Groups: Predicting Group Growth and Longevity},
  author={ Kairam, Sanjay Ram  and  Wang, Dan J.  and  Leskovec, Jure },
  booktitle={Acm International Conference on Web Search \& Data Mining},
  year={2012},
}
@inproceedings{garey1979Computers,
  title={Computers and Intractability: A Guide to the Theory of NP-Completeness},
  author={ Garey, Michael R  and  Johnson, David S },
  booktitle={W. H. Freeman \& Co.},
  year={1979},
}
